@book{Soseki1905,
  author    = {夏目漱石},
  title     = {吾輩ハ猫デアル},
  publisher = {大倉書店},
  year      = 1905
}